@article{2022maria,
  title={MARIA: Multiple-alignment $ r $-index with aggregation},
  author={Goga, Adri{\'a}n and Bal{\'a}{\v{z}}, Andrej and Petescia, Alessia and Gagie, Travis},
  journal={arXiv preprint arXiv:2209.09218},
  year={2022}
}

@inproceedings{2022pfwg,
  title={Prefix-Free Parsing for Building Large Tunnelled Wheeler Graphs},
  author={Goga, Adri{\'a}n and Bal{\'a}{\v{z}}, Andrej},
  booktitle={22nd International Workshop on Algorithms in Bioinformatics (WABI 2022)},
  year={2022},
  organization={Schloss Dagstuhl-Leibniz-Zentrum f{\"u}r Informatik}
}

@article{2019boucher,
  title={Prefix-free parsing for building big BWTs},
  author={Boucher, Christina and Gagie, Travis and Kuhnle, Alan and Langmead, Ben and Manzini, Giovanni and Mun, Taher},
  journal={Algorithms for Molecular Biology},
  volume={14},
  number={1},
  pages={1--15},
  year={2019},
  publisher={BioMed Central}
}

@inproceedings{2019gagie,
  title={Rpair: rescaling repair with rsync},
  author={Gagie, Travis and I, Tomohiro and Manzini, Giovanni and Navarro, Gonzalo and Sakamoto, Hiroshi and Takabatake, Yoshimasa},
  booktitle={String Processing and Information Retrieval: 26th International Symposium, SPIRE 2019, Segovia, Spain, October 7--9, 2019, Proceedings},
  pages={35--44},
  year={2019},
  organization={Springer}
}

